% This file was created with JabRef 2.10b2.
% Encoding: UTF8


@Book{Bezerra2002,
  Title                    = {Princípios de Análise e Projeto de Sistemas com UML},
  Author                   = {Eduardo Bezerra},
  Editor                   = {Campus},
  Publisher                = {Rio de Janeiro},
  Year                     = {2002},
  Number                   = {286},

  Owner                    = {junior},
  Timestamp                = {2016.03.11}
}

@Book{Nascimento2014,
  Title                    = {Modelo de Monografia},
  Author                   = {Diego Nascimento},
  Publisher                = {Instituto Federal do Rio Grande do Norte},
  Year                     = {2014}
}

